<record><leader>00000cas a22000007a 4500</leader><controlfield tag="001">17988654</controlfield><controlfield tag="008">880523d19081929pauwr ne      0    0eng d</controlfield><datafield ind1=" " ind2=" " tag="010"><subfield code="a">sn 88080755 </subfield></datafield><datafield ind1=" " ind2=" " tag="040"><subfield code="a">NPH</subfield><subfield code="b">eng</subfield><subfield code="c">NPH</subfield><subfield code="d">OCLCQ</subfield></datafield><datafield ind1=" " ind2=" " tag="042"><subfield code="a">msc</subfield></datafield><datafield ind1="0" ind2="0" tag="245"><subfield code="a">Verona leader.</subfield></datafield><datafield ind1=" " ind2=" " tag="260"><subfield code="a">Verona, Pa. :</subfield><subfield code="b">John S. Wolfe</subfield></datafield><datafield ind1=" " ind2=" " tag="300"><subfield code="a">v.</subfield></datafield><datafield ind1=" " ind2=" " tag="310"><subfield code="a">Weekly</subfield></datafield><datafield ind1="1" ind2=" " tag="362"><subfield code="a">Began in 1908; ceased in 1929?</subfield></datafield><datafield ind1=" " ind2=" " tag="500"><subfield code="a">"The official organ of Verona, Oakmont, Springdale, Cheswick, Penn Township," &lt;1919&gt;.</subfield></datafield><datafield ind1=" " ind2=" " tag="588"><subfield code="a">Description based on: [9th yr., no. 50] (June 15, 1917).</subfield></datafield><datafield ind1=" " ind2=" " tag="752"><subfield code="a">United States</subfield><subfield code="b">Pennsylvania</subfield><subfield code="c">Allegheny</subfield><subfield code="d">Verona.</subfield></datafield><datafield ind1="0" ind2="0" tag="785"><subfield code="t">Leader (Verona, Pa.)</subfield><subfield code="w">(DLC)sn 88080752</subfield></datafield></record>